<record><leader>00000cas a22000007a 4500</leader><controlfield tag="001">2252080</controlfield><controlfield tag="008">760620d19281944ndudn ne      0    0eng d</controlfield><controlfield tag="009">501</controlfield><datafield ind1=" " ind2=" " tag="010"><subfield code="a">sn 89074278 </subfield></datafield><datafield ind1=" " ind2=" " tag="040"><subfield code="a">MUL</subfield><subfield code="b">eng</subfield><subfield code="c">MUL</subfield><subfield code="d">NOP</subfield></datafield><datafield ind1="1" ind2=" " tag="029"><subfield code="a">AU@</subfield><subfield code="b">000025873466</subfield></datafield><datafield ind1=" " ind2=" " tag="042"><subfield code="a">msc</subfield></datafield><datafield ind1="0" ind2=" " tag="130"><subfield code="a">Valley City times-record (Valley City, N.D. : 1928)</subfield></datafield><datafield ind1="0" ind2="0" tag="245"><subfield code="a">Valley City times-record.</subfield></datafield><datafield ind1="0" ind2="0" tag="246"><subfield code="a">Valley City times record</subfield></datafield><datafield ind1="0" ind2="3" tag="246"><subfield code="a">Daily times-record</subfield></datafield><datafield ind1="0" ind2="0" tag="246"><subfield code="a">Daily times record</subfield></datafield><datafield ind1=" " ind2=" " tag="260"><subfield code="a">Valley City, N.D. :</subfield><subfield code="b">P.R. Trubshaw,</subfield></datafield><datafield ind1=" " ind2=" " tag="300"><subfield code="a">17 v. :</subfield><subfield code="b">ill. ;</subfield><subfield code="c">55-57 cm.</subfield></datafield><datafield ind1=" " ind2=" " tag="310"><subfield code="a">Daily (except Sunday)</subfield></datafield><datafield ind1="0" ind2=" " tag="362"><subfield code="a">Vol. 23, no. 255 (Apr. 26, 1928)-v. 40, no. 36 (Sept. 30, 1944).</subfield></datafield><datafield ind1=" " ind2=" " tag="500"><subfield code="a">Official paper of Barnes County and Valley City, 1928, 1933-1936, 1939-1944.</subfield></datafield><datafield ind1=" " ind2=" " tag="500"><subfield code="a">Publisher's block sometimes reads:  Daily times-record.</subfield></datafield><datafield ind1=" " ind2=" " tag="530"><subfield code="a">Available on microfilm from the State Historical Society of North Dakota.</subfield></datafield><datafield ind1=" " ind2=" " tag="752"><subfield code="a">United States</subfield><subfield code="b">North Dakota</subfield><subfield code="c">Barnes</subfield><subfield code="d">Valley City.</subfield></datafield><datafield ind1="0" ind2="0" tag="780"><subfield code="t">Daily times-record (Valley City, N.D.)</subfield><subfield code="w">(DLC)sn 89074277</subfield></datafield><datafield ind1="0" ind2="7" tag="785"><subfield code="t">Barnes County news</subfield><subfield code="w">(DLC)sn 89074253</subfield></datafield><datafield ind1="0" ind2="7" tag="785"><subfield code="t">Valley City times-record and the Barnes County news</subfield><subfield code="w">(DLC)sn 89074279</subfield></datafield></record>